Data Lanc.,Data Valor,Descrição,Valor,Saldo
03/06/2024,03/06/2024,TRF MB WAY DE ENG HUGO MOTA,400.00,402.22
03/06/2024,03/06/2024,PAG BXVAL- 3799 VIAVERDE,-6.48,395.74
04/06/2024,04/06/2024,TRF MB WAY P/ *****8301,-15.55,380.19
04/06/2024,04/06/2024,TRF MB WAY P/ *****1195,-25.00,355.19
04/06/2024,04/06/2024,DD PT41104147 MUNICIPIO DE AM 20001463303,-16.18,339.01
04/06/2024,04/06/2024,TRF. P/O  HUGO DANIEL PINTO MOTA,"1,000.00",1339.01
06/06/2024,06/06/2024,COMPRA 3799 NORSIDER.PT TROFA,-97.8,1241.21
06/06/2024,06/06/2024,TRF. P/O  JOANA ISABEL RODRIGUES CERQ,800.00,2041.21
06/06/2024,06/06/2024,PAG BXVAL- 3799 VIAVERDE,-3.45,2037.76
07/06/2024,07/06/2024,TRF MB WAY P/ *****6371,-3.66,2034.1
07/06/2024,07/06/2024,"PAG SERV 21426/380029489 ALTICE PAY, S.A.",-52.74,1981.36
07/06/2024,07/06/2024,TRF MB WAY P/ *****1195,-31.25,1950.11
10/06/2024,10/06/2024,"PAG SERV 21404/173903770 GENERALI SEGUROS, SA",-175.12,1774.99
10/06/2024,10/06/2024,PAG BXVAL- 3799 VIAVERDE,-1.95,1773.04
11/06/2024,11/06/2024,"COMPRA 3799 PIC-NIC PRODU ES,SA POR CONTACTLESS",-14.00,1759.04
11/06/2024,11/06/2024,"COMPRA 3799 PIC-NIC PRODU ES,SA POR CONTACTLESS",-4.00,1755.04
11/06/2024,11/06/2024,COMPRA 3799 EST SERVICO POSTO 2 PALMEIRA PALMEI,-30.00,1725.04
11/06/2024,11/06/2024,COMPRA 3799 PARKIN MATOSINHOS MATOS CONTACTLESS,-5.00,1720.04
11/06/2024,11/06/2024,"COMPRA 3799 PIC-NIC PRODU ES,SA POR CONTACTLESS",-1.2,1718.84
11/06/2024,11/06/2024,"COMPRA 3799 PIC-NIC PRODU ES,SA POR CONTACTLESS",-2.2,1716.64
11/06/2024,11/06/2024,"COMPRA 3799 PIC-NIC PRODU ES,SA POR CONTACTLESS",-12.00,1704.64
11/06/2024,11/06/2024,COMPRA 3799 EST SERVICO PRIO ENERGY SA APARTADO,-9.00,1695.64
13/06/2024,13/06/2024,COMPRA 3799 EST SERVICO TOTAL LAGO LAGO PT,-4.5,1691.14
17/06/2024,17/06/2024,LEV ATM 7341 BPI   Ferreiros Amr Lg da Feira,-20.00,1671.14
17/06/2024,17/06/2024,TRF P/ BANKINTER CONTA DO CREDITO,"-1,000.00",671.14
17/06/2024,17/06/2024,PAG BXVAL- 3799 VIAVERDE,-22.85,648.29
18/06/2024,18/06/2024,COMPRA 3799 TABERNA BELGA SAO VICEN CONTACTLESS,-35.35,612.94
19/06/2024,19/06/2024,TRF MB WAY P/ *****1195,-25.00,587.94
19/06/2024,19/06/2024,TRF MB WAY P/ *****1195,-31.25,556.69
19/06/2024,19/06/2024,TRF MB WAY P/ *****8301,-18.9,537.79
20/06/2024,20/06/2024,DD PT67106686 GOLD ENERGY - C 00302213,-70.52,467.27
20/06/2024,20/06/2024,COMPRA 3799 SOARAUTO AMARES,-114.99,352.28
24/06/2024,22/06/2024,TRF MB WAY DE ENG HUGO MOTA,400.00,752.28
24/06/2024,24/06/2024,LEV ATM 3799 MG    PALMEIRA BRG  SGV - R Prof M,-200.00,552.28
24/06/2024,24/06/2024,LEV ATM 3799 MG    PALMEIRA BRG  SGV - R Prof M,-200.00,352.28
24/06/2024,24/06/2024,COMPRA 3799 J.P.L.R. - 1 4730-581 SOUTELO,-26.75,325.53
24/06/2024,24/06/2024,"DD PT73101243 MEO, SA         30329005452",-35.89,289.64
24/06/2024,24/06/2024,COMPRA 7341 HOMA BRAGA S VICENTE,-32.02,257.62
25/06/2024,25/06/2024,COMPRA 3799 EST SERVICO TOTAL LAGO LAGO PT,-9.00,248.62
26/06/2024,26/06/2024,"COMPRA 3799 EST SERVICO ILIDIO MOTA, LDA. PALME",-30.00,218.62
26/06/2024,26/06/2024,COMPRA 3799 AGROBRICMAT CAIRES PT   CONTACTLESS,-12.84,205.78
26/06/2024,26/06/2024,COMPRA 3799 NOSSO TALHO LAGO PT     CONTACTLESS,-2.16,203.62
28/06/2024,28/06/2024,COMPRA 3799 CONCEICAO LOPES PAD ANAIS,-4.6,199.02
28/06/2024,28/06/2024,COMPRA 3799 PINGO S TABACARIA VILA  CONTACTLESS,-9.00,190.02
28/06/2024,28/06/2024,COMPRA 3799 PAST CRISTO REI GUIMARA CONTACTLESS,-17.7,172.32
28/06/2024,28/06/2024,COMPRA 3799 MIRACORVO TALHOS SOUTEL CONTACTLESS,-33.27,139.05
01/07/2024,01/07/2024,COMPRA 3799 SOARAUTO AMARES,-15.01,124.04
01/07/2024,01/07/2024,PAG BXVAL- 3799 VIAVERDE,-3.73,120.31
02/07/2024,02/07/2024,COMPRA 3799 EST SERVICO Q8 PRADO VILA DE PRADOP,-30.00,90.31
02/07/2024,02/07/2024,"COMPRA 3799 AGROBRICMAT, LDA CAIRES CONTACTLESS",-6.15,84.16
02/07/2024,02/07/2024,COMPRA 3799 EST SERVICO TOTAL LAGO LAGO PT,-4.5,79.66
03/07/2024,03/07/2024,COMPRA 3799 EST SERVICO PRIO ENERGY SA APARTADO,-9.00,70.66
04/07/2024,04/07/2024,DD PT41104147 MUNICIPIO DE AM 20001463303,-15.44,55.22
04/07/2024,04/07/2024,TRF. P/O  HUGO DANIEL PINTO MOTA,"1,000.00",1055.22
04/07/2024,04/07/2024,TRF MB WAY P/ *****8301,-13.95,1041.27
05/07/2024,05/07/2024,COMPRA 3799 Tui -Puxeiros 12:38A CO CONTACTLESS,-3.2,1038.07
05/07/2024,05/07/2024,TRF. P/O  JOANA ISABEL RODRIGUES CERQ,800.00,1838.07
08/07/2024,08/07/2024,PAG BXVAL- 3799 VIAVERDE,-11.2,1826.87
09/07/2024,09/07/2024,COMPRA 3799 FORPRINT SEIA,-13.7,1813.17
11/07/2024,11/07/2024,COMPRA 3799 EST SERVICO POSTO 2 PALMEIRA PALMEI,-30.00,1783.17
15/07/2024,15/07/2024,COMPRA 7341 NOSSO TALHO LAGO,-13.32,1769.85
15/07/2024,15/07/2024,COMPRA 7341 CONTINENTE BRAGA BRAGA,-32.12,1737.73
15/07/2024,15/07/2024,TRF MB WAY P/ *****8301,-15.8,1721.93
15/07/2024,15/07/2024,TRF MB WAY P/ *****1195,-37.5,1684.43
15/07/2024,15/07/2024,COMPRA 7341 EST SERVICO TOTAL LAGO LAGO AMARES,-9.6,1674.83
15/07/2024,15/07/2024,TRF MB WAY P/ *****6595,-357.37,1317.46
15/07/2024,15/07/2024,TRF P/ BANKINTER CONTA DO CREDITO,"-1,000.00",317.46
15/07/2024,15/07/2024,TRF MB WAY P/ *****8744,-56.00,261.46
16/07/2024,16/07/2024,"PAG SERV 21426/707021426 ALTICE PAY, S.A.",-45.44,216.02
18/07/2024,18/07/2024,TRF MB WAY P/ *****8744,-35.00,181.02
22/07/2024,22/07/2024,COMPRA 7341 PINGO DOCE VILA VERDBEMPOSTA,-37.81,143.21
22/07/2024,22/07/2024,DD PT67106686 GOLD ENERGY - C 00302213,-74.39,68.82
22/07/2024,22/07/2024,COMPRA 7341 STOCK CAR SILVARES GUIMARAES,-15.99,52.83
22/07/2024,22/07/2024,COMPRA 3799 SOARAUTO AMARES,-15.84,36.99
23/07/2024,23/07/2024,"DD PT73101243 MEO, SA         30329005452",-35.89,1.1
26/07/2024,26/07/2024,TRF MB WAY DE ENG HUGO MOTA,300.00,301.1
26/07/2024,26/07/2024,TRF MB WAY P/ *****1195,-25.00,276.1
30/07/2024,30/07/2024,COMPRA 3799 EST SERVICO POSTO BP BRAGA PALME BR,-40.07,236.03
01/08/2024,01/08/2024,TRF MB WAY P/ *****1195,-31.25,204.78
01/08/2024,01/08/2024,TRF MB WAY P/ *****8301,-12.7,192.08
01/08/2024,01/08/2024,PAG BXVAL- 3799 VIAVERDE,-1.4,190.68
05/08/2024,05/08/2024,DD PT41104147 MUNICIPIO DE AM 20001463303,-17.3,173.38
05/08/2024,05/08/2024,TRF. P/O  HUGO DANIEL PINTO MOTA,"1,000.00",1173.38
06/08/2024,06/08/2024,COMPRA 3799 EST SERVICO PRIO ENERGY SA APARTADO,-9.6,1163.78
06/08/2024,06/08/2024,TRF. P/O  JOANA ISABEL RODRIGUES CERQ,800.00,1963.78
08/08/2024,08/08/2024,TRF MB WAY P/ *****6595,-192.54,1771.24
12/08/2024,12/08/2024,COMPRA 3799 RESTAUR MARTINS FAO,-38.55,1732.69
13/08/2024,13/08/2024,COMPRA 3799 EST SERVICO TOTAL LAGO LAGO PT,-9.6,1723.09
13/08/2024,13/08/2024,COMPRA 3799 EST SERVICO TOTAL LAGO LAGO PT,-9.6,1713.49
13/08/2024,13/08/2024,COMPRA 3799 ALIEXPRESSCOM Luxembourg,-24.98,1688.51
13/08/2024,13/08/2024,LEV ATM 3799 CGD   LAVRA         Mercado de Ang,-50.00,1638.51
14/08/2024,14/08/2024,"COMPRA 3799 EST SERVICO ILIDIO MOTA, LDA. PALME",-50.00,1588.51
15/08/2024,15/08/2024,COMPRA 3799 DECATHLON BRAGA BRAGA P CONTACTLESS,-64.9,1523.61
15/08/2024,15/08/2024,TRF P/ BANKINTER CONTA DO CREDITO,"-1,000.00",523.61
15/08/2024,15/08/2024,PAG BXVAL- 3799 VIAVERDE,-7.23,516.38
16/08/2024,16/08/2024,TRF MB WAY P/ *****1195,-31.25,485.13
16/08/2024,16/08/2024,TRF MB WAY P/ *****1195,-25.00,460.13
16/08/2024,16/08/2024,COMPRA 3799 ORBITUR ANGEIRAS PT     CONTACTLESS,-15.4,444.73
16/08/2024,16/08/2024,COMPRA 3799 DECATHLON MATOSINHOS PT CONTACTLESS,-48.7,396.03
20/08/2024,20/08/2024,COMPRA 3799 EST SERVICO PRIO ENERGY SA APARTADO,-4.8,391.23
20/08/2024,20/08/2024,COMPRA 3799 EST SERVICO TOTAL LAGO LAGO PT,-9.6,381.63
21/08/2024,21/08/2024,LEV ATM 3799 MG    LAGO          O Campino - Lg,-20.00,361.63
21/08/2024,21/08/2024,DD PT67106686 GOLD ENERGY - C 00302213,-81.73,279.9
21/08/2024,21/08/2024,COMPRA 3799 MIRACORVO TALHOS SOUTEL CONTACTLESS,-4.57,275.33
22/08/2024,22/08/2024,"DD PT73101243 MEO, SA         30329005452",-35.89,239.44
22/08/2024,22/08/2024,PAG BXVAL- 3799 VIAVERDE,-10.25,229.19
23/08/2024,23/08/2024,TRF MB WAY P/ *****8301,-13.95,215.24
27/08/2024,27/08/2024,COMPRA 3799 PIZZARIA MOSTEIRO SOUTE CONTACTLESS,-33.00,182.24
27/08/2024,27/08/2024,COMPRA 3799 PIZZARIA MOSTEIRO SOUTE CONTACTLESS,-3.2,179.04
27/08/2024,27/08/2024,"COMPRA 3799 EST SERVICO RECAUCHUTAGEM RAM A, PA",-9.6,169.44
27/08/2024,27/08/2024,COMPRA 3799 MIRACORVO TALHOS SOUTEL CONTACTLESS,-24.89,144.55
28/08/2024,28/08/2024,COMPRA 3799 NOVO SUPER PALMEIRA BRG CONTACTLESS,-10.16,134.39
29/08/2024,29/08/2024,COMPRA 3799 NOSSO TALHO LAGO PT     CONTACTLESS,-6.75,127.64
30/08/2024,30/08/2024,COMPRA 3799 MCDONALDS VILA VERDE VI CONTACTLESS,-18.25,109.39
30/08/2024,30/08/2024,TRF MB WAY P/ *****1195,-31.25,78.14
02/09/2024,02/09/2024,PAG BXVAL- 3799 VIAVERDE,-6.75,71.39
03/09/2024,03/09/2024,DD PT41104147 MUNICIPIO DE AM 20001463303,-16.56,54.83
04/09/2024,04/09/2024,TRF. P/O  HUGO DANIEL PINTO MOTA,"1,000.00",1054.83
05/09/2024,05/09/2024,PAG BXVAL- 3799 VIAVERDE,-2.6,1052.23
06/09/2024,06/09/2024,TRF. P/O  JOANA ISABEL RODRIGUES CERQ,800.00,1852.23
11/09/2024,11/09/2024,LEV ATM 3799 MG    LAGO          O Campino - Lg,-60.00,1792.23
13/09/2024,13/09/2024,COMPRA 3799 LIMAS CAFE SOUTELO VVD  CONTACTLESS,-11.3,1780.93
16/09/2024,16/09/2024,TRF P/ BANKINTER CONTA DO CREDITO,"-1,000.00",780.93
17/09/2024,17/09/2024,TRF MB WAY P/ *****8301,-17.19,763.74
17/09/2024,17/09/2024,TRF MB WAY P/ *****1195,-31.25,732.49
17/09/2024,17/09/2024,TRF MB WAY P/ *****6595,-160.8,571.69
17/09/2024,16/09/2024,TRF MB WAY DE ENG HUGO MOTA,600.00,1171.69
17/09/2024,17/09/2024,"COMPRA 3799 EST SERVICO ILIDIO MOTA, LDA. PALME",-59.91,1111.78
17/09/2024,17/09/2024,"COMPRA 3799 EST SERVICO ILIDIO MOTA, LDA. PALME",-41.56,1070.22
17/09/2024,17/09/2024,"COMPRA 3799 EST SERVICO ILIDIO MOTA, LDA. PALME",-41.62,1028.6
17/09/2024,17/09/2024,"COMPRA 3799 EST SERVICO ILIDIO MOTA, LDA. PALME",-41.59,987.01
17/09/2024,17/09/2024,"COMPRA 3799 EST SERVICO ILIDIO MOTA, LDA. PALME",-41.67,945.34
17/09/2024,17/09/2024,"COMPRA 3799 EST SERVICO ILIDIO MOTA, LDA. PALME",-41.61,903.73
17/09/2024,17/09/2024,"COMPRA 3799 EST SERVICO ILIDIO MOTA, LDA. PALME",-41.56,862.17
17/09/2024,17/09/2024,COMPRA 3799 PAST CRISTO REI GUIMARA CONTACTLESS,-13.55,848.62
18/09/2024,18/09/2024,"COMPRA 3799 MARTIPOR, LDA VILA VERD CONTACTLESS",-24.69,823.93
18/09/2024,18/09/2024,COMPRA 3799 EST SERVICO TOTAL LAGO LAGO PT,-35.95,787.98
19/09/2024,19/09/2024,COMPRA 7341 H T SAUDE BRAGA SUL BRAGA,-30.00,757.98
20/09/2024,20/09/2024,COMPRA 3799 Electrolux Lda Paco D Arcos,-29.92,728.06
23/09/2024,23/09/2024,COMPRA 7341 LAVANDARIA DO MERCADFERREIROS,-33.03,695.03
23/09/2024,23/09/2024,LEV ATM 7341 CCAM  AMARES        Cafe AO QUADRA,-20.00,675.03
23/09/2024,23/09/2024,COMPRA 7341 PINGO DOCE VILA VERDBEMPOSTA,-14.58,660.45
23/09/2024,23/09/2024,"DD PT73101243 MEO, SA         30329005452",-35.89,624.56
23/09/2024,23/09/2024,DD PT67106686 GOLD ENERGY - C 00302213,-86.99,537.57
24/09/2024,24/09/2024,COMPRA 3799 ALDI MAIA MAIA PT       CONTACTLESS,-11.16,526.41
27/09/2024,27/09/2024,TRF MB WAY P/ *****8301,-21.4,505.01
27/09/2024,27/09/2024,TRF MB WAY P/ *****1195,-25.00,480.01
27/09/2024,27/09/2024,TRF MB WAY P/ *****1195,-31.25,448.76
30/09/2024,30/09/2024,TRF MB WAY P/ *****5736,-40.00,408.76
30/09/2024,30/09/2024,COMPRA 7341 MERCADO PRECO BOM-JOAMARES,-21.97,386.79
30/09/2024,30/09/2024,COMPRA 7341 SUPERMERCADOS AMARES,-48.36,338.43
30/09/2024,30/09/2024,COMPRA 7341 LEFTIES BRAGA,-36.95,301.48
30/09/2024,30/09/2024,CRED. 7341 LEFTIES BRAGA,3.99,305.47
30/09/2024,30/09/2024,TRF MB WAY P/ *****6595,-187.65,117.82
30/09/2024,29/09/2024,TRF MB WAY DE ENG HUGO MOTA,300.00,417.82
30/09/2024,30/09/2024,COMPRA 7341 H T SAUDE BRAGA SUL BRAGA,-30.00,387.82
